<record><leader>00000cas a2200000 a 4500</leader><controlfield tag="001">13619119</controlfield><controlfield tag="008">860522d18281829nyuwr ne      0    0eng  </controlfield><datafield ind1=" " ind2=" " tag="010"><subfield code="a">sn 86071536 </subfield></datafield><datafield ind1=" " ind2=" " tag="040"><subfield code="a">DLC</subfield><subfield code="b">eng</subfield><subfield code="c">DLC</subfield><subfield code="d">KNP</subfield><subfield code="d">NYG</subfield><subfield code="d">DLC</subfield><subfield code="d">NYS</subfield><subfield code="d">OCLCO</subfield><subfield code="d">OCLCQ</subfield><subfield code="d">OCLCF</subfield></datafield><datafield ind1="1" ind2=" " tag="029"><subfield code="a">AU@</subfield><subfield code="b">000022913028</subfield></datafield><datafield ind1=" " ind2=" " tag="042"><subfield code="a">pcc</subfield></datafield><datafield ind1=" " ind2=" " tag="043"><subfield code="a">n-us-ny</subfield></datafield><datafield ind1="0" ind2="0" tag="050"><subfield code="a">Newspaper 8829-X</subfield></datafield><datafield ind1="0" ind2="0" tag="245"><subfield code="a">White-Plains gazette.</subfield></datafield><datafield ind1=" " ind2=" " tag="260"><subfield code="a">White-Plains, N.Y. :</subfield><subfield code="b">P.C. Smith</subfield></datafield><datafield ind1=" " ind2=" " tag="300"><subfield code="a">v. :</subfield><subfield code="b">ill. (chiefly advertisements) ;</subfield><subfield code="c">53-57 cm.</subfield></datafield><datafield ind1=" " ind2=" " tag="310"><subfield code="a">Weekly</subfield></datafield><datafield ind1="0" ind2=" " tag="362"><subfield code="a">Vol. 1, no. 1 (Dec. 30, 1828)-</subfield></datafield><datafield ind1=" " ind2=" " tag="500"><subfield code="a">Publisher: Smith Harpending, Dec. 30, 1828-Feb. 5, 1929.</subfield></datafield><datafield ind1=" " ind2=" " tag="500"><subfield code="a">"Kunst macht Gunst."</subfield></datafield><datafield ind1=" " ind2=" " tag="515"><subfield code="a">Mar. 26, 1929 and Apr. 2, 1929 not numbered.</subfield></datafield><datafield ind1=" " ind2=" " tag="515"><subfield code="a">Issues for Apr. 10, 1829-Oct. 2, 1829 also called New Series Vol. 1, no. 1-Vol. 1, no. 26.</subfield></datafield><datafield ind1=" " ind2="0" tag="651"><subfield code="a">White Plains (N.Y.)</subfield><subfield code="v">Newspapers.</subfield></datafield><datafield ind1=" " ind2="0" tag="651"><subfield code="a">Westchester County (N.Y.)</subfield><subfield code="v">Newspapers.</subfield></datafield><datafield ind1=" " ind2="7" tag="655"><subfield code="a">Newspapers.</subfield><subfield code="2">fast</subfield><subfield code="0">(OCoLC)fst01423814</subfield></datafield><datafield ind1=" " ind2="7" tag="651"><subfield code="a">New York (State)</subfield><subfield code="z">Westchester County.</subfield><subfield code="2">fast</subfield><subfield code="0">(OCoLC)fst01202684</subfield></datafield><datafield ind1=" " ind2="7" tag="651"><subfield code="a">New York (State)</subfield><subfield code="z">White Plains.</subfield><subfield code="2">fast</subfield><subfield code="0">(OCoLC)fst01212009</subfield></datafield><datafield ind1=" " ind2=" " tag="752"><subfield code="a">United States</subfield><subfield code="b">New York</subfield><subfield code="c">Westchester</subfield><subfield code="d">White Plains.</subfield></datafield><datafield ind1="0" ind2="7" tag="785"><subfield code="t">Westchester herald (Sing Sing, N.Y. : 1818)</subfield><subfield code="w">(DLC)sn 83031708</subfield><subfield code="w">(OCoLC)10097151</subfield></datafield><datafield ind1="0" ind2="7" tag="785"><subfield code="t">Westchester herald and gazette</subfield><subfield code="w">(DLC)sn 83031709</subfield><subfield code="w">(OCoLC)10097116</subfield></datafield></record>